@article{HaQuZi04,
	Author = {Hanrot, G. and Quercia, M. and Zimmermann, P.},
	Date-Modified = {2008-01-17 14:04:54 +0100},
	Journal = {Appl. Algebra Engrg. Comm. Comp.},
	Number = {6},
	Pages = {415--438},
	Title = {The {M}iddle {P}roduct {A}lgorithm,~{I}},
	Volume = {14},
	Year = {2004}}

@inproceedings{BoLeSc03,
	Author = {Bostan, A. and Lecerf, G. and Schost, {\'E}.},
	Booktitle = {ISSAC'03},
	Pages = {37--44},
	Publisher = {ACM},
	Title = {Tellegen's Principle Into Practice},
	Year = 2003}

@article{BoSc05,
	Author = {Bostan, A. and Schost, {\'E}.},
	Doi = {10.1016/j.jco.2004.09.009},
	Journal = {J. Complexity},
	Number = {4},
	Pages = {420--446},
	Title = {Polynomial evaluation and interpolation on special sets of points},
	Volume = {21},
	Year = {2005},
	Bdsk-Url-1 = {http://dx.doi.org/10.1016/j.jco.2004.09.009}}


@MastersThesis{Mouilleron08,
  author = 	 {Mouilleron, C.},
  title = 	 {Algorithmes rapides pour la r\'esolution de probl\`emes alg\'ebriques structur\'es},
  school = 	 {ENS Lyon},
  year = 	 2008}

@inproceedings{JeMo10,
  author    = {Jeannerod, {C.-P.} and Mouilleron, C.},
  title     = {Computing specified generators of structured matrix inverses},
  booktitle = {ISSAC'10},
  pages     = {281--288},
  year      = {2010},
}

@book{KaSa99,
  title={Fast Reliable Algorithms for Matrices with Structure},
  author={Kailath, T. and Sayed, {A. H.}},
  year={1999},
  publisher={SIAM}
}

@book {Pan01,
    AUTHOR = {Pan, V. Y.},
     TITLE = {Structured Matrices and Polynomials}, 
 PUBLISHER = {Birkh\"auser Boston Inc.},
      YEAR = {2001},
}

@article {KaKuMo79,
    AUTHOR = {Kailath, T. and Kung, S. Y. and Morf, M.},
     TITLE = {Displacement ranks of matrices and linear equations},
   JOURNAL = {J. Math. Anal. Appl.},
  FJOURNAL = {Journal of Mathematical Analysis and Applications},
    VOLUME = {68},
      YEAR = {1979},
    NUMBER = {2},
     PAGES = {395--407},
}

@book {GaGe13,
    Author = {J. \gathen{von zur} Gathen and J. Gerhard},
     TITLE = {Modern Computer Algebra},
   EDITION = {Third},
 PUBLISHER = {Cambridge University Press},
   ADDRESS = {Cambridge},
      YEAR = {2013},
}

@article{CaKa91,
 Author = {Cantor, D. G. and Kaltofen, E.},
 Journal = {Acta Informatica},
 Number = 7,
 Pages = {693--701},
 Title = {On Fast Multiplication of Polynomials over Arbitrary Algebras},
 Volume = 28,
 Year = 1991
}

@Article{CoWi90,
  author =       "Coppersmith, D. and Winograd, S.",
  title =        "Matrix Multiplication via Arithmetic Progressions",
  journal =      {Journal of Symbolic Computation},
  volume =       9,
  number =       3,
  pages =        "251--280",
  month =        mar,
  year =         1990
}

@inproceedings{LeGall14,
 author = {Le Gall, F.},
 title = {Powers of Tensors and Fast Matrix Multiplication},
 booktitle = {ISSAC'14},
 year = {2014},
 pages = {296--303},
 publisher = {ACM},
} 

@InProceedings{Kaltofen94,
  title = 	 {Asymptotically Fast Solution of {T}oeplitz-like Singular Linear Systems},
  year = 	 1994,
  author = 	 {Kaltofen, E.},
  booktitle =	 {ISSAC'94},
  pages =	 {297--304},
  publisher =	 {ACM}
}

@INPROCEEDINGS{Morf80,
  author = {Morf, M.},
  title = {Doubling algorithms for Toeplitz and related equations},
  booktitle = {IEEE Conference on Acoustics, Speech, and Signal Processing},
  year = {1980},
  pages = {954-959},
}
@article {BiAn80,
    AUTHOR = {Bitmead, R. R. and Anderson, B. D. O.},
     TITLE = {Asymptotically fast solution of {T}oeplitz and related systems
              of linear equations},
   JOURNAL = {Linear Algebra Appl.},
  FJOURNAL = {Linear Algebra and its Applications},
    VOLUME = {34},
      YEAR = {1980},
     PAGES = {103--116},
      ISSN = {0024-3795},
     CODEN = {LAAPAW},
   MRCLASS = {65F05 (15A06)},
  MRNUMBER = {591427 (81m:65044)},
MRREVIEWER = {M. Brannigan},
       DOI = {10.1016/0024-3795(80)90161-5},
       URL = {http://dx.doi.org/10.1016/0024-3795(80)90161-5},
}


@Article{Levinson47,
  author = 	 {Levinson, N.},
  title = 	 {The {W}iener {RMS} error criterion in filter design and prediction},
  journal = 	 {J. Math. Phys.},
  year = 	 1947,
  volume = 	 25,
  pages = 	 {261--278}}


@Article{Durbin60,
  author = 	 {Durbin, J.},
  title = 	 {The fitting of time series models},
  journal = 	 {Rev. Inst. Int. Stat.},
  year = 	 1960,
  volume = 	 28,
  pages = 	 {233--243}}

@Article{Trench64,
  author = 	 {Trench, W. F.},
  title = 	 {An algorithm for the inversion of finite {T}oeplitz matrices},
  journal = 	 {J. Soc. Indust. Appl. Math.},
  year = 	 1964,
  volume = 	 12,
  pages = 	 {515--522}}

@article{KaGoOl95,
  author = 	 {Kailath, T. and Gohberg, I. and Olshevsky, V.},
 journal = {Math. Comp.},
 number = {212},
 pages = {1557-1576},
 title = {Fast {G}aussian Elimination with Partial Pivoting for Matrices with Displacement Structure},
 volume = {64},
 year = {1995}
}

@Article{Cardinal99,
  author = 	 {Cardinal, {J.-P.}},
  title = 	 {On a property of {C}auchy-like matrices},
  journal = 	 {C. R. Acad. Sci. Paris S\'erie I},
  year = 	 1999,
  volume = 	 388,
  pages = 	 {1089--1093}}

